@article{mcclendon2015using,
  title={Using machine learning algorithms to analyze crime data},
  author={McClendon, Lawrence and Meghanathan, Natarajan},
  journal={Machine Learning and Applications: An International Journal (MLAIJ)},
  volume={2},
  number={1},
  pages={1--12},
  year={2015}
}

@article{iqbal2013experimental,
  title={An experimental study of classification algorithms for crime prediction},
  author={Iqbal, Rizwan and Murad, Masrah Azrifah Azmi and Mustapha, Aida and Panahy, Payam Hassany Shariat and Khanahmadliravi, Nasim},
  journal={Indian Journal of Science and Technology},
  volume={6},
  number={3},
  pages={4219--4225},
  year={2013},
  publisher={Citeseer}
}

@article{liu2011comparison,
  title={A comparison of logistic regression, classification and regression tree, and neural networks models in predicting violent re-offending},
  author={Liu, Yuan Y and Yang, Min and Ramsay, Malcolm and Li, Xiao S and Coid, Jeremy W},
  journal={Journal of Quantitative Criminology},
  volume={27},
  number={4},
  pages={547--573},
  year={2011},
  publisher={Springer}
}

@techreport{chen2016events,
  title={Events unrelated to crime predict criminal sentence length},
  author={Chen, Daniel L and Loecher, Markus and Barry, Nora and Buchanan, Laura and Bakhturina, Evelina},
  year={2016},
  institution={Technical report}
}

@article{iqbal2013experimental,
  title={An experimental study of classification algorithms for crime prediction},
  author={Iqbal, Rizwan and Murad, Masrah Azrifah Azmi and Mustapha, Aida and Panahy, Payam Hassany Shariat and Khanahmadliravi, Nasim},
  journal={Indian Journal of Science and Technology},
  volume={6},
  number={3},
  pages={4219--4225},
  year={2013},
  publisher={Citeseer}
}

@book{Tan:2018:IDM:3208440,
 author = {Tan, Pang-Ning and Steinbach, Michael and Karpatne, Anuj and Kumar, Vipin},
 title = {Introduction to Data Mining (2Nd Edition)},
 year = {2018},
 isbn = {0133128903, 9780133128901},
 edition = {2nd},
 publisher = {Pearson},
} 

@article{brantingham1998mapping,
  title={Mapping crime for analytic purposes: location quotients, counts, and rates},
  author={Brantingham, Patricia L and Brantingham, Paul J and others},
  journal={Crime mapping and crime prevention},
  volume={8},
  pages={263--288},
  year={1998},
  publisher={Citeseer}
}

@inproceedings{sathyadevan2014crime,
  title={Crime analysis and prediction using data mining},
  author={Sathyadevan, Shiju and Gangadharan, Surya and others},
  booktitle={2014 First International Conference on Networks \& Soft Computing (ICNSC2014)},
  pages={406--412},
  year={2014},
  organization={IEEE}
}

@incollection{nasridinov2013decision,
  title={A decision tree-based classification model for crime prediction},
  author={Nasridinov, Aziz and Ihm, Sun-Young and Park, Young-Ho},
  booktitle={Information Technology Convergence},
  pages={531--538},
  year={2013},
  publisher={Springer}
}

