@article{mcclendon2015using,
  title={Using machine learning algorithms to analyze crime data},
  author={McClendon, Lawrence and Meghanathan, Natarajan},
  journal={Machine Learning and Applications: An International Journal (MLAIJ)},
  volume={2},
  number={1},
  pages={1--12},
  year={2015}
}

@article{iqbal2013experimental,
  title={An experimental study of classification algorithms for crime prediction},
  author={Iqbal, Rizwan and Murad, Masrah Azrifah Azmi and Mustapha, Aida and Panahy, Payam Hassany Shariat and Khanahmadliravi, Nasim},
  journal={Indian Journal of Science and Technology},
  volume={6},
  number={3},
  pages={4219--4225},
  year={2013},
  publisher={Citeseer}
}