@book{lamport94,
	author = "Leslie Lamport",
	title = "Latex: A Document Preparation System",
	year = "1994",
	edition = "Second",
	publisher = "Addison-Wesley",
	address = "Reading, Massachusetts"
}

@misc{patashnik88,
	author = "Oren Patashnik",
	title = "{B}ib{T}e{X}ing.  Documentation for General {B}ib{T}e{X} users",
	year = "1988",
	howpublished = "Electronic document accompanying BibTeX
distribution"
}

@techreport{rahtz89,
	author = "Sebastian Rahtz",
	title = "A Survey of {T}ex and graphics",
	year = "1989",
	institution = "Department of Electronics and Computer Science",
	address = "University of Southampton, UK",
	number = "CSTR 89-7"
}

@article{greenwade93, 
	author = "George D. Greenwade",
	title = "The {C}omprehensive {T}ex {A}rchive {N}etwork ({CTAN})",
	year = "1993",
	journal = "TUGBoat",
	volume = "14",
	number = "3",
	pages = "342--351"
}

@phdthesis{M,
	author = "Considine, M.",
	title = "Australian insurance politics in the 1970s: Two case studies. (Unpublished doctoral dissertation).",
	year = "1986",
	school = "University of Melbourne",
	address = "Melbourne",
	}